01,,BBBW,970619,1450,1,78,78/
02,BBBW,NATAAU3M,1,970321,0000/
03,111111111,AUD,015,10000011,100,000,102,000,400/
88,000,402,000,500,40011,501,50011,502/
88,200011,503,200011,965,000,966,050/
88,967,075,968,006,969,017/
49,10490203,10490055/
03,222222222,AUD,015,10000009,100,000,102,000,400/
88,125555,402,400,500,40009,501,50009,502/
88,200009,503,200009,965,000,966,000/
88,967,000,968,000,969,070/
16,475,20000,0,0000546/
16,475,35950,0,0000547/
16,475,33305,0,0000548/
16,475,36300,0,0000549/
49,10741625,10741555/
03,333333333,AUD,015,10000010,100,000,102,000,400/
88,47310,402,200,500,40010,501,50010,502/
88,200010,503,200010,965,000,966,187/
88,967,000,968,000,969,031/
16,475,15630,0,0000404/
16,475,31680,0,0000407/
49,10585088,10584870/
98,31816916,3,31816480/
99,31816916,1,25,31816480/
